@article{binder,
	author = {Kurt Binder and Surajit Sengupta and Peter Nielaba},
	journal = {J. Phys.: Condens. Matter},
	year = 2002,
	volume = 14,
	pages = 2323,
	doi = {10.1088/0953-8984/14/9/321}
}

@book{geom,
	author = {H. M. S. Coxeter},
	title = {Introduction to Geometry},
	publisher = {Wiley},
	address = {New York},
	year = 1969
}

@book{Alberts,
	author = {B. Alberts and others},
	title = {Molecular Biology of the Cell},
	edition = {Fifth},
	publisher = {Garland Science},
	address = {New York \& Oxford},
	year = 2008
}

@article{Watson,
	author = {Francis H. C. Crick and James D. Watson},
	journal = Nature,
	year = 1956,
	volume = 177,
	pages = 473,
	doi={10.1038/177473a0}
}

@article{Klug,
	author = {A. Klug and D. L. D. Caspar},
	journal = {Adv. Virus Res.},
	year = 1961,
	volume = 7,
	pages = 225,
	doi={10.1016/S0065-3527(08)60012-3}
}

@article{Sackmann,
	author = {E. Sackmann},
	journal = {Can. J. Phys.},
	year = 1990,
	volume = 68,
	pages = 999,
	doi={10.1139/p90-142}
}

@article{Subramanian,
	author = {G. Subramanian and others},
	journal = {Adv. Mater.},
	year = 1999,
	volume = 11,
	pages = 1261,
	doi={10.1002/(SICI)1521-4095(199910)11:15%3C1261::AID-ADMA1261%3E3.0.CO;2-A}
}

@article{speedy,
	author = {R. J. Speedy},
	title = {The hard sphere glass transition},
	journal = {Mol. Phys.},
	year = 1998,
	volume = 95,
	issue = 2,
	pages = 169,
	doi = {10.1080/00268979809483148}
}

@article{disorder1,
	author = {William L. Miller and Behnaz Bozorgui and Angelo Cacciuto},
	title = {Crystallization of Hard Aspherical Particles},
	journal = {J. Chem. Phys.},
	year = 2010,
	volume = 132,
	issue = 12,
	pages = 134901,
	doi={10.1103/PhysRevE.80.021404}
}

@article{HScoex,
	author = {W. G. Hoover and F. H. Ree},
	journal = {J. Chem. Phys.},
	volume = 49,
	pages = 3609,
	year = 1968,
	doi = {10.1063/1.1670641}
}

@article{ziherl,
	author = {P. Ziherl and R. D. Kamien},
	journal = {Phys. Rev. Lett.},
	year = 2000,
	volume = 85,
	pages = 3528,
	doi = {10.1103/PhysRevLett.85.3528}
}

@article{noya,
	author = {C. Vega and E. Sanz and J. L. F. Abascal and E. G. Noya},
	journal = {J. Phys.: Condens. Matter},
	year = 2008,
	volume = 20,
	pages = 153101,
	doi = {10.1088/0953-8984/20/15/153101}
}

@article{Hales,
	author = {T. C. Hales},
	journal = {Annals of Mathematics},
	year = 2005,
	volume = 162,
	pages = 1063,
	doi = {10.4007/annals.2005.162.1063}
}

@article{rudnick,
	author = {J. Rudnick and G. Gaspari},
	journal = {J. Phys. A: Math. Gen.},
	year = 1986,
	volume = 19,
	pages = {L191},
	doi = {10.1088/0305-4470/19/4/004}
}

@article{bozorgui,
	author = {Behnaz Bozorgui and others},
	journal = {J. Chem. Phys.},
	year = 2010,
	volume = 132,
	pages = 014901,
	doi = {10.1063/1.3273415}
}

@article{DeVries,
	author = {G. A. DeVries and others}, 
	title = {{Divalent Metal Nanoparticles}},
	journal = {Science},
	volume = {315},
	number = {5810},
	pages = {358-361},
	year = {2007},
	doi = {10.1126/science.1133162},
}

@article{Schnablegger,
	author = {M. Li and H. Schnablegger and S. Mann},
	journal = {Nature},
	volume = 402,
	pages = 393,
	year = 1999,
	doi = {10.1038/46509}
}

@article{Hong,
	author = {L. Hong and S. Jiang and S. Granick},
	journal = {Langmuir},
	volume = 22,
	pages = 9495,
	year = 2006,
	doi = {10.1021/la062716z}
}

@article{cacciuto22,
	author = {A. Cacciuto and S. Auer and D. Frenkel},
	journal = {Phys. Rev. Lett.},
	volume = 93,
	pages = 166105,
	year = 2004,
	doi = {10.1103/PhysRevLett.93.166105}
}


@article{Weller,
	author = {H. Weller},
	journal = {Phil. Trans. R. Soc. A},
	volume = 361,
	pages = 229,
	year = 2003,
	doi = {10.1098/rsta.2002.1136}
}

@article{Hobbie,
	author = {E. K. Hobbie and others},
	journal = {Langmuir},
	volume = 21,
	pages = 10284,
	year = 2005,
	doi = {10.1021/la051827f}
}

@article{Israelachvili,
	author = {J. N. Israelachvili and D. J. Mitchell and B. W. Ninham},
	journal = {J. Chem. Soc., Faraday Trans. 2},
	volume = 72,
	pages = 1525,
	year = 1976,
	doi = {10.1039/f29767201525}
}

@article{Zhang,
	author = {T. Hu and R. Zhang and B. I. Schovskii},
	journal = {Physica A},
	volume = 387,
	pages = 3059,
	year = 2008,
	doi = {10.1016/j.physa.2008.01.010}
}

@article{Leckband,
	author = {D. Leckband and J. Israelachvili},
	journal = {Quart. Rev. Biophys.},
	volume = 34,
	pages = 105,
	year = 2001,
	doi = {10.1017/S0033583501003687}
}

@article{Nagarajan,
	author = {R. Nagarajan and E. Ruckenstein},
	journal = {Langmuir},
	volume = 7,
	pages = 2934,
	year = 1991,
	doi = {10.1021/la00060a012}
}

@article{Hong2,
	author = {L. Hong and others},
	journal = {Langmuir},
	volume = 24,
	pages = 621,
	year = 2008,
	doi = {10.1021/la7030818}
}

@article{auer,
	author = {S. Auer and D. Frenkel},
	journal = {Annu. Rev. Phys. Chem.},
	volume = 55,
	pages = 333,
	year = 2004,
	doi = {10.1146/annurev.physchem.55.091602.094402}
}

@article{glotzer,
	author = {S. C. Glotzer and M. J. Solomon},
	journal = {Nature Mater.},
	volume = 6,
	pages = 557,
	year = 2007,
	doi = {10.1038/nmat1949}
}

@article{glotzer2,
	author = {C. A. Iacovella and M. A. Horsch and S. C. Glotzer},
	journal = {J. Chem. Phys.},
	volume = 129,
	pages = 044902,
	year = 2008,
	doi = {10.1063/1.2953581}
}

@article{geissler,
	author = {S. Whitelam and P. L. Geissler},
	journal = {J. Chem. Phys.},
	volume = 127,
	pages = 154101,
	year = 2007,
	doi = {10.1063/1.2790421}
}

@article{chandler,
	author = {M. F. Hagan and D. Chandler},
	journal = {Biophys. J.},
	volume = 91,
	pages = 42,
	year = 2006,
	doi = {10.1529/biophysj.105.076851}
}

@article{whitelam,
	author = {S. Whitelam},
	journal = {J. Chem. Phys.},
	volume = 132,
	pages = 194901,
	year = 2010,
	doi = {10.1063/1.3425661}
}

@article{wilber,
	author = {A. W. Wilber and others},
	journal = {J. Chem. Phys.},
	volume = 127,
	pages = 085106,
	year = 2007,
	doi = {10.1063/1.2759922}
}

@article{cacciuto,
	author = {W. L. Miller and A. Cacciuto},
	journal = {Phys. Rev. E},
	volume = 80,
	pages = 021404,
	year = 2009,
	doi = {10.1103/PhysRevE.80.021404}
}

@article{Kern,
	author = {Norbert Kern and Daan Frenkel},
	journal = {J. Chem. Phys.},
	volume = 118,
	pages = 9882,
	year = 2003,
	doi = {10.1063/1.1569473}
}

@article{torquato,
	author = {S. Torquato},
	journal = {Soft Matter},
	volume = 5,
	pages = 1157,
	year = 2009,
	doi = {10.1039/B814211B}
}

@article{glotzer3,
	author = {T. Chen and Z. L. Zhang and S. C. Glotzer},
	journal = {Langmuir},
	volume = 23,
	pages = 6598,
	year = 2007,
	doi = {10.1021/la063755d}
}

@article{glotzer4,
	author = {X. Zhang and Z. L. Zhang and S. C. Glotzer},
	journal = {J. Phys. Chem. C},
	volume = 111,
	pages = 4132,
	year = 2007,
	doi = {10.1021/jp065953j}
}

@article{glotzer5,
	author = {Z. Zhang and S. C. Glotzer},
	journal = {Nano. Lett.},
	volume = 4,
	pages = 1407,
	year = 2004,
	doi = {10.1021/nl0493500}
}

@article{glotzer6,
	author = {T. Chen and Z. Zhang and S. C. Glotzer},
	journal = {Proc. Natl. Acad. Sci.},
	volume = 104,
	pages = 717,
	year = 2007,
	doi = {10.1073/pnas.0604239104}
}

@article{glotzer7,
	author = {E. Jankowski and S. C. Glotzer},
	journal = {J. Chem. Phys.},
	volume = 131,
	pages = 104104,
	year = 2009,
	doi = {10.1063/1.3223834}
}

@article{glotzer8,
	author = {E. Jankowski and S. C. Glotzer},
	journal = {J. Phys. Chem. B},
	volume = 115,
	pages = 14321,
	year = 2011,
	doi = {10.1021/jp206430z}
}

@article{Liu,
	author = {Hongjun Liu and others},
	journal = {J. Chem. Phys.},
	volume = 130,
	pages = 044902,
	year = 2009,
	doi = {10.1063/1.3063096}
}

@article{kumar,
	author = { H. Liu and S. K. Kumar and J. F. Douglas},
	journal = {Phys. Rev. Lett.},
	volume = 103,
	pages = 018101,
	year = 2009,
	doi = {10.1103/PhysRevLett.103.018101}
}

@article{esco,
	author = {B. S. John and F. A. Escobedo},
	journal = {J. Phys. Chem. B},
	volume = 109,
	pages = 23008,
	year = 2005,
	doi = {10.1021/jp0551521}
}

@article{behringer,
	author = {H. M. Jaeger and S. R. Nagel and R. P. Behringer},
	journal = {Rev. Mod. Phys.},
	volume = 68,
	pages = 1259,
	year = 1996,
	doi = {10.1103/RevModPhys.68.1259}
}

@book{deGennes,
	author = {P.-G. de Gennes},
	title = {Scaling Concepts in Polymer Physics},
	publisher = {Cornell University Press},
	year = 1979,
	address = {Ithaca, NY}
}

@article{nelson,
	author = {J. Nelson},
	journal = {Science},
	volume = 293,
	pages = 1059,
	year = 2001,
	doi = {10.1126/science.1062989}
}

@article{rosenberger,
	author = {F. Rosenberger},
	journal = {J. Crystal Growth},
	volume = 166,
	pages = 40,
	year = 1996,
	doi = {10.1016/0022-0248(95)00921-3}
}

@article{frenkel1,
	author = {S. Auer and D. Frenkel},
	journal = {Nature},
	volume = 409,
	pages = 1020,
	year = 2001,
	doi = {10.1038/35059035}
}

@phdthesis{auerthesis,
	author = {S. Auer},
	title = {Quantitative Prediction of Crystal Nucleation Rates for Spherical Colloids: A Computational Study},
	school = {Universiteit van Amsterdam},
	year = 2002
}

@article{frenkel2,
	author = {S. Auer and D. Frenkel},
	journal = {Nature},
	volume = 413,
	pages = 711,
	year = 2001,
	doi = {10.1038/35099513}
}

@article{zaccarelli,
	author = {E. Zaccarelli  and others },
	journal = {Phys. Rev. Lett.},
	volume = 103,
	pages = 135704,
	year = 2009,
	doi = {10.1103/PhysRevLett.103.135704}
}

@article{weitz,
	author = {J. W. Kim and R. J. Larsen and D. A. Weitz},
	journal = {Adv. Mater.},
	volume = 19,
	pages = 2005,
	year = 2007,
	doi = {10.1002/adma.200602345}
}

@article{pamies,
	author = {J. C. P\'amies and A. Cacciuto and D. Frenkel},
	journal = {J. Chem. Phys.},
	volume = 131,
	pages = 044514,
	year = 2009,
	doi = {10.1063/1.3186742}
}

@article{capone,
	author = {Barbara Capone and others},
	journal = {J. Phys. Chem. B},
	volume = 113,
	pages = 3629,
	year = 2008,
	doi = {10.1021/jp805946z}
}
@article{glaser2,
	author={M.A. Glaser and others},
	journal={Europhysics Lett.},
	volume=78,
	pages=46004,
	year=2007,
	doi = {10.1209/0295-5075/78/46004}
}

@article{sphericity,
	author = {M. C. Powers},
	journal = {J. Sediment Petrol.},
	volume = 23,
	pages = 117,
	year = 1953,
	doi = {10.1306/D4269567-2B26-11D7-8648000102C1865D}
}

@article{ronchetti,
	author = {P. J. Steinhardt and D. R. Nelson and M. Ronchetti},
	journal = {Phys. Rev. B},
	volume = 28,
	pages = 784,
	year = 1983,
	doi = {10.1103/PhysRevB.28.784}
}

@article{tenwolde2,
	author = {P. R. ten Wolde and M. J. Ruiz-Montero and D. Frenkel},
	journal = {J. Chem. Phys.},
	volume = 104,
	pages = 9932,
	year = 1996,
	doi = {10.1063/1.471721}
}


@article{ostwald,
	author = {W. Z. Ostwald},
	journal = {Phys. Chem.},
	volume = 22,
	pages = 289,
	year = 1879
}

@article{richter,
	author = {C. N. Likos  and others},
	journal = {Phys. Rev. Lett.},
	volume = 80,
	pages = 4450,
	year = 1998,
	doi = {10.1103/PhysRevLett.80.4450}
}

@article{schweitzer,
	author = {M. Tripathy and K. S. Schweitzer},
	journal = {J. Chem. Phys},
	volume = 130,
	pages = 244907,
	year = 2009,
	doi = {10.1063/1.3157280}
}
@article{dijkstra,
	author = {M. Marechal and M. Dijkstra },
	journal = {Phys. Rev. E},
	volume = 77,
	pages = 061405,
	year = 2008,
	doi = {10.1103/PhysRevE.77.061405}
}

@article{pine,
	author = { Y.-S. Cho  and others},
	journal = {Chem. Mater},
	volume = 17,
	pages = 5006,
	year = 2005,
	doi = {10.1021/cm051123r}
}
@article{mitragotri,
	author = { J. A. Champion and Y. K. Katare and S. Mitragotri},
	journal = {Proc. Natl. Acad. Sci.},
	volume = 104,
	pages = 11901,
	year = 2007,
	doi = {10.1073/pnas.0705326104}
}

@article{Yue,
	author = {K. Yue and K. A. Dill},
	journal = {Proc. Natl. Acad. Sci.},
	volume = 89,
	issue = 9,
	pages = 4163,
	year = 1992,
	doi = {10.1073/pnas.89.9.4163}
}
@article{louis,
	author = {A. A. Louis and others},
	journal = {Phys. Rev. Lett. },
	volume =85,
	pages=2522,
	year=2000,
	doi = {10.1103/PhysRevLett.85.2522}
}

@article{frenkel,
	author = {P. Bolhuis and D. Frenkel},
	journal = {J. Chem. Phys.},
	volume = 106,
	pages = 666,
	year = 1997,
	doi = {10.1063/1.473404}
}

@article{tenwolde,
	author = {P. R. ten Wolde and D. Frenkel},
	journal = {Science},
	volume = 277,
	pages = 1975,
	year = 1997,
	doi = {10.1126/science.277.5334.1975}
}

@article{likos0,
	author = {I. O. G\"otze and H. M. Harreis and C. N. Likos},
	journal = {J. Chem. Phys.},
	volume = 120,
	pages = 7761,
	year = 2004,
	doi = {10.1063/1.1689292}
}

@article{likosB,
	author = {A. Jusufi and C. N. Likos and H. L\"owen},
	journal = { Phys. Rev. Lett.},
	volume = 88,
	pages = 018301 ,
	year = 2002,
	doi = {10.1103/PhysRevLett.88.018301}
}

@article{denton,
	author = {A. R. Denton},
	journal = {Phys. Rev. E},
	volume = 67,
	pages = 11804,
	year = 2003,
	doi = {10.1103/PhysRevE.67.011804}
}

@article{gottawald,
	author = {D. Gottwald and others},
	journal = {Phys. Rev. Lett.},
	volume = 92,
	pages = 68301,
	year = 2004,
	doi = {10.1103/PhysRevLett.92.068301}
}

@article{suto,
	author = {A. S{\"u}t{\~o}},
	journal = {Phys. Rev. B},
	volume = 74,
	pages = 104117,
	year = 2006,
	doi = {10.1103/PhysRevB.74.104117}
}

@article{LikosNat,
	author = {C. N. Likos},
	journal = {Nature},
	volume = 440,
	pages =  433,
	year = 2006,
	doi = {10.1038/440433a}
}

@article{saric2,
	author = {A. \v{S}ari\'{c} and B. Bozorgui and Angelo Cacciuto},
	journal = {J. Phys. Chem. B },
	volume = 8,
	pages = 1,
	year = 2011,
	doi = {10.1021/jp107545w}
}

@article{pephertz,
	author = {J. C. P\`amies and A. Cacciuto and D. Frenkel},
	journal = {J. Chem. Phys.},
	volume = 131,
	pages = 044514 ,
	year = 2009,
	doi = {10.1063/1.3186742}
}

@article{LikosRev,
	author = {C. N. Likos},
	journal = {Soft Matter},
	volume = 2,
	pages = 478,
	year = 2006,
	doi = {10.1039/B601916C}
}

@article{pierleoni,
	author = {C. Pierleoni and others},
	journal = {Phys. Rev. Lett.},
	volume =  96,
	pages = 128302,
	year = 2006,
	doi = {10.1103/PhysRevLett.96.128302}
}

@article{mladek2,
	author = {B. M. Mladek and others},
	journal = {Phys. Rev. Lett. },
	volume = 96,
	pages = 045701,
	year = 2006,
	doi = {10.1103/PhysRevLett.96.045701}
}
@article{mladek3,
	author = {K. Zhang and  P. Charbonneau and B. Mladek},
	journal = {Phys. Rev. Lett.},
	volume = 105,
	pages = 245701,
	year = 2010,
	doi = {10.1103/PhysRevLett.105.245701}
}

@article{Malescio,
	author = {G. Malescio and  G. Pellicane},
	journal = {Nature Mater.},
	volume = 2 ,
	pages=  97,
	year= 2003,
	doi = {10.1038/nmat820}
}


@misc{glaser,
	author = {M. Glaser},
	howpublished = {private communication},
	year = 2011
}

@misc{SciortinoX,
	author = {F. Sciortino},
	howpublished = {private communication},
	year = 2009
}

@article{Stell,
	author = {G. Stell and  P. C. Hemmer},
	journal = {J. Chem. Phys.},
	volume = 56,
	pages= 4274,
	year= 1970,
	doi = {10.1103/PhysRevLett.24.1284}
}

@article{Deutsch,
	author = {J. M. Deutsch and Tanya Kurosky},
	journal = {Phys. Rev. Lett.},
	volume = 76,
	pages = 323,
	year = 1996,
	doi = {10.1103/PhysRevLett.76.323}
}

@article{sciortino,
	author = {H. Liu and and others},
	journal = {J. Chem. Phys.},
	volume = 130,
	pages = 174501,
	year = 2009,
	doi = {10.1063/1.3063096}
}

@article{sciortino1,
	author = {E. Zaccarelli and F. Sciortino and P. Tartaglia},
	journal = {J. Chem. Phys.},
	volume = 127,
	pages = 174501,
	year = 2007,
	doi = {10.1063/1.2799522}
}

@article{sciortino2,
	author = {C. Mayer and others},
	journal = {J. Phys.: Condens. Matter},
	volume = 22,
	pages = 104110,
	year = 2010,
	doi = {10.1088/0953-8984/22/10/104110}
}

@article{mladek,
	author = {B. M. Mladek and G. Kahl and C. N. Likos},
	journal = {Phys. Rev. Lett.},
	volume = 100,
	pages = 028301,
	year = 2008,
	doi = {10.1103/PhysRevLett.100.028301}
}

@article{likos,
	author = {C. N. Likos and others},
	journal = {Phys. Rev. E},
	volume = 63,
	pages = 031206,
	year = 2001,
	doi = {10.1103/PhysRevE.63.031206}
}

@article{jagla,
	author = {E. A. Jagla},
	journal = {Phys. Rev. E},
	volume = 58,
	pages = 1478,
	year = 1998,
	doi = {10.1103/PhysRevE.58.1478}
}

%%%%%%%%%%--Below from Perez-Garrido--%%%%%%%%%%

@Article{altschuler,
	title = {Method of constrained global optimization},
	author = {Altschuler, Eric Lewin and others },
	journal = {Phys. Rev. Lett.},
	volume = {72},
	number = {17},
	pages = {2671},
	numpages = {3},
	year = {1994},
	month = {Apr},
	publisher = {American Physical Society},
	doi = {10.1103/PhysRevLett.72.2671},
}

@Article{erber,
	title = {Comment on ``Method of Constrained Global Optimization''},
	author = {Erber, T.  and Hockney, G. M.},
	journal = {Phys. Rev. Lett.},
	volume = {74},
	number = {8},
	pages = {1482},
	numpages = {1},
	year = {1995},
	month = {Feb},
	publisher = {American Physical Society},
	doi = {10.1103/PhysRevLett.74.1482},
}

@article{perez-garrido,
	author={A P\`erez-Garrido and others},
	title={Many-particle jumps algorithm and Thomson's problem},
	journal={J. Phys. A: Math. Gen.},
	volume={29},
	number={9},
	pages={1973},
	year={1996},
	doi = {10.1088/0305-4470/29/9/012}
}

@Article{morris,
	title = {Genetic-algorithm energy minimization for point charges on a sphere},
	author = {Morris, J. R. and Deaven, D. M. and Ho, K. M.},
	journal = {Phys. Rev. B},
	volume = {53},
	number = {4},
	pages = {R1740},
	numpages = {3},
	year = {1996},
	month = {Jan},
	publisher = {American Physical Society},
	doi = {10.1103/PhysRevB.53.R1740},
}

@inbook{erber2,
	title = {Complex Systems: Equilibrium Configurations of N Equal Charges on a Sphere (2 $\leq$ N $\leq$ 112)},
	author = {Erber, T. and Hockney, G. M.},
	publisher = {John Wiley \& Sons, Inc.},
	pages = {495--594},
	keywords = {surface coulomb problem, dipole moments, coulomb polyhedra, computer algorithms, complex gradient systems},
	booktitle = {Advances in Chemical Physics},
	year = {2007},
	doi = {10.1002/9780470141571.ch5},
}

@article{edmundson,
	author = "Edmundson, J. R.",
	title = "{The arrangement of point charges with tetrahedral and octahedral symmetry on the surface of a sphere with minimum Coulombic potential energy}",
	journal = "Acta Cryst.",
	year = "1993",
	volume = "A49",
	number = "4",
	pages = "648",
	month = "Jul",
	doi = {10.1107/S0108767393001035},
}

@Article{altschuler2,
	title = {Possible Global Minimum Lattice Configurations for Thomson's Problem of Charges on a Sphere},
	author = {Altschuler, Eric Lewin and others },
	journal = {Phys. Rev. Lett.},
	volume = {78},
	number = {14},
	pages = {2681},
	numpages = {4},
	year = {1997},
	month = {Apr},
	publisher = {American Physical Society},
	doi = {10.1103/PhysRevLett.78.2681},
}

@Article{dodgson,
	title = {Vortices in a thin-film superconductor with a spherical geometry },
	author = {Dodgson, M. J. W.  and Moore, M. A. },
	journal = {Phys. Rev. B},
	volume = {55},
	number = {6},
	pages = {3816},
	numpages = {15},
	year = {1997},
	month = {Feb},
	publisher = {American Physical Society},
	doi = {10.1103/PhysRevB.55.3816},
}



@Article{perez-garrido2,
	title = {Comment on ``Possible Global Minimum Lattice Configurations for Thomson's Problem of Charges on a Sphere''},
	author = {P\'erez-Garrido, A. and others },
	journal = {Phys. Rev. Lett.},
	volume = {79},
	number = {7},
	pages = {1417},
	numpages = {1},
	year = {1997},
	month = {Aug},
	publisher = {American Physical Society},
	doi = {10.1103/PhysRevLett.79.1417},
}

@article{Bowick,
	author = {M. J. Bowick and D. R. Nelson and A. Travesset},
	journal = { Phys. Rev. B},
	volume = 62,
	pages = 8738,
	year = 2000,
	doi = {10.1103/PhysRevB.62.8738}
}


@article{bausch,
	author = {A. R. Bausch and others},
	journal = {Science},
	volume =  299,
	pages = 1716,
	year = 2003,
	doi = {10.1126/science.1081160}
}


@article{Bowick2,
	author = {M. J. Bowick and others},
	journal = {Phys. Rev. B},
	volume = 73,
	pages = 024115,
	year = 2006,
	doi = {10.1103/PhysRevB.73.024115}
}

@article{Bowick3,
	author = {M. Bowick and others},
	journal = {Phys. Rev. Lett.},
	volume = 89,
	pages = 185502,
	year = 2002,
	doi = {10.1103/PhysRevLett.89.185502}
}

@Article{perez-garrido3,
	title = {Influence of dislocations in Thomson's problem},
	author = {P\'erez-Garrido, A.  and Dodgson, M. J. W. and Moore, M. A.},
	journal = {Phys. Rev. B},
	volume = {56},
	number = {7},
	pages = {3640--3643},
	numpages = {3},
	year = {1997},
	month = {Aug},
	publisher = {American Physical Society},
	doi = {10.1103/PhysRevB.56.3640},
}

%%%%%%%%%%--Above from Perez-Garrido--%%%%%%%%%%

@article{thomson,
	author = {J. J. Thomson},
	journal = {Philos. Mag.},
	volume = 7,
	pages = 237,
	year = 1904,
	doi = {10.1080/14786440409463107}
}

@article{xu,
	author = {C. Zhao and K. Tian and N. Xu},
	journal = {Phys. Rev. Lett.},
	volume = 106,
	pages = 125503,
	year = 2011,
	doi = {10.1103/PhysRevLett.106.125503}
}

@article{prestipino,
	author = {S. Prestipino and F. Saija and G. Malescio},
	journal = {Soft Matter},
	volume = 5,
	pages = 2795,
	year = 2009,
	doi = {10.1039/B903931G}
}

@book{Napper,
	author = {D. H. Napper},
	title = {Polymeric Stabilization of Colloidal Dispersions},
	address = {London},
	publisher = {Academic Press},
	year = 1983,
	doi = {10.1002/pi.4980180420}
}

@book{Dragan,
	editor = {E. S. Dragan},
	title = {New trends in ionic (Co)polymers and hybrids},
	address = {New York},
	publisher = {Nova Science},
	year = 2007
}
@book{Caster,
	editor = {R. C. Advincula and W. J. Brittain and K. C. Caster},
	title = {Polymer Brushes},
	address = {Weinheim},
	publisher = {Wiley-VCH},
	year = 2004 
}

@book{Ponisseril,
	editor={P. Somasundaran},
	title = {Polymer Brushes: Applications in Biotechnology},
	publisher = {Taylor \& Francis},
	year = 2006
}
@book{BinderBook,
	editor={K. Binder},
	title = {Monte Carlo and Molecular Dynamics Simulations in Polymer Science},
	publisher = {Oxford University Press},
	year = 1995
}


@article{Stuart,
	author = {M. A. C. Stuart and others},
	journal = {Nature Materials},
	volume = 9,
	pages = 101,
	year = 2010,
	doi = {10.1038/nmat2614}
}

@article{Milner,
	author = {S. T. Milner},
	journal = {Science},
	volume = 251,
	pages = 905,
	year = 1991,
	doi = {10.1126/science.251.4996.905}
}

@article{Halperin,
	author = {A. Halperin and M. Tirrell and T. P. Lodge},
	journal = { Adv. Polym. Sci. },
	volume = 100,
	pages = 31,
	year = 1992,

}
@article{Cotton,
	author = {M. Daoud and J. P. Cotton},
	journal = {J. Phys. (Paris)},
	volume = 43,
	pages = 531,
	year = 1982,
	doi = {10.1051/jphys:01982004303053100}
}

@article{Alexander,
	author = {S. Alexander},
	journal = {J. Phys. (Paris)},
	volume = 38,
	pages = 983,
	year = 1977,
	doi = {10.1051/jphys:01977003808098300}
}

@article{CatesPB,
	author = {S. T. Milner and  T. A. Witten and M. E. Cates},
	journal = {Macromolecules},
	volume = 21,
	pages = 2610,
	year = 1988,
	doi = {10.1021/ma00186a051}
}

@article{Zhulina,
	author = {C. M. Wijmans and E. B. Zhulina},
	journal = {Macromolecules},
	volume = 26,
	pages = 7214,
	year = 1993,
	doi = {10.1021/ma00078a016}
}

@article{Stellacci1,
	author = {A. M. Jackson and J. W. Myerson and F. Stellacci},
	journal = {Nature Materials},
	volume = 3,
	pages = 330,
	year = 2004,
	doi = {10.1038/nmat1116}
}

@article{Stellacci2,
	author = {C. Singh and others},
	journal = {Physical Review Letters},
	volume = 99,
	pages = 226106,
	year = 2007,
	doi = {10.1103/PhysRevLett.99.226106}
}

@article{Stellacci3,
	author = {J. J. Kuna and others},
	journal = {Nature Materials},
	volume = 8,
	pages = 837,
	year = 2009,
	doi = {10.1038/nmat2534}
}

@article{Stellacci4,
	author = {R. P. Carney and others},
	journal = {J. Am. Chem. Soc.},
	volume = 139,
	pages = 798,
	year = 2008,
	doi = {10.1021/ja077383m}
}

@article{Stellacci5,
	author = {C. Singh and A. M. Jackson and F. Stellacci and S. C. Glotzer},
	journal = {J. Am. Chem. Soc.},
	volume = 131,
	pages = 16377,
	year = 2009,
	doi = {10.1021/ja9063876}
}

@article{Stellacci6,
        author = {C. Singh and others},
        journal = {Nanoscale},
        volume = 3,
        pages = 3244,
        year = 2011,
		doi = {10.1039/C1NR10215J}
}

@article{Glz1,
	author = {A. Santos and C. Singh and S. C. Glotzer},
	journal = {Physical Review E},
	volume = 81,
	pages = 011113, 
	year = 2010,
	doi = {10.1103/PhysRevE.81.011113}
}
@article{RusselPB,
	author = {C. Biver and R. Hariharan and J. Mays and W. B. Russel},
	journal = {Macromolecules},
	volume = 30,
	pages = 1787, 
	year = 1997,
	doi = {10.1021/ma9610065}

}
@article{BinderPB,
	author = {Dimitar Dimitrov and A. Milchev and K. Binder},
	journal = {Macromol. Symp.},
	volume = 252,
	pages = 47, 
	year = 2007,
	doi = {10.1002/masy.200750605}
}

@article{LipowskyPB,
	author = {C. Hiergeist and R. Lipowsky },
	journal = {J. Phys. II (France)},
	volume = 6,
	pages = 1465, 
	year = 1996,
	doi = {10.1051/jp2:1996142}
}

@article{lammps,
	author = {S. J. Plimpton},
	journal = {J. Comp. Phys.},
	volume = 117,
	pages = 1, 
	year = 1995,
	doi = {10.1006/jcph.1995.1039}
}

@article{vanakaras,
	author = {A. G. Koutsioubas and A. G. Vanakaras},
	journal = {Langmuir},
	volume = 24,
	pages = 13717,
	year = 2008,
	doi = {10.1021/la802536v}
}

@article{linse,
	author = {M. Patra and P. Linse},
	journal = {Nano Lett.},
	volume = 6,
	pages = 133,
	year = 2006,
	doi = {10.1021/nl051611y}
}

@book{FrenkelBook,
	author = {D. Frenkel and Berend Smit},
	title = {Understanding Molecular Simulation: From Algorithms to Applications},
	address = {San Diego},
	publisher = {Academic Press},
	edition = {2nd},	year = 2002
}

@article{katz,
	author = {R. C. {Van Lehn} and A. Alexander-Katz},
	journal = {J. Chem. Phys.},
	volume = 135,
	pages = 141106,
	year = 2011,
	doi = {10.1063/1.3653937}
}

@article{ayres,
	author = {N. Ayres},
	journal = {Poly. Chem.},
	volume = 1,
	pages = 769,
	year = 2010,
	doi = {10.1039/B9PY00246D}
}

@book{Kepler,
	author = {J. Kepler},
	title = {The Six-Cornered Snowflake: A New Year's Gift},
	address = {Philadelphia},
	publisher = {Paul Dry Books},
	edition = {1st},
	year = 2010,
	note = {(originally published 1611; translated from the Latin by Jacques Bromberg)}
}

@article{Wood,
	author = {W. W. Wood and J. D. Jacobson},
	journal = {J. Chem. Phys.},
	volume = 27,
	pages = 1207,
	year = 1957,
	doi = {10.1063/1.174395}
}

@article{Alder,
	author = {B. J. Alder and T. E. Wainwright},
	journal = {J. Chem. Phys.},
	volume = 27,
	pages = 1208,
	year = 1957,
	doi = {10.1063/1.174395}
}

@article{brenner,
	author = {S. Hormoz and M. P. Brenner},
	journal = {Proc. Nat. Acad. Sci.},
	volume = 108,
	pages = 5193,
	year = 2011,
	doi = {10.1073/pnas.1014094108}
}

@article{pixelpaper,
	author = {W. L. Miller and A. Cacciuto},
	journal = {J. Chem. Phys.},
	volume = 133,
	pages = 134901,
	year = 2010,
	doi = {10.1063/1.3524307}
}

@article{disorder2paper,
	author = {W. L. Miller and A. Cacciuto},
	journal = {J. Chem. Phys.},
	volume = 133,
	pages = 234903,
	year = 2010,
	doi = {10.1063/1.3518976}
}

@article{2dsoftpaper,
	author = {W. L. Miller and A. Cacciuto},
	journal = {Soft Matter},
	volume = 7,
	pages = 7552,
	year = 2011,
	doi = {10.1039/C1SM05731F},
}

@article{brushpaper,
	author = {W. L. Miller and others},
	journal = {J. Chem. Phys.},
	volume = 135,
	pages = 244902,
	year = 2011,
	doi = {10.1063/1.3672104}
}

@article{FrenkelNatMat,
	author = {D. Frenkel},
	journal = {Nature Mater.},
	volume = 5,
	pages = 85,
	year = 2006,
	doi = {10.1038/nmat1572}
}
