@article{binder,
	author = {Kurt Binder and Surajit Sengupta and Peter Nielaba},
	journal = {J. Phys.: Condens. Matter},
	year = 2002,
	volume = 14,
	pages = 2323
}

@book{geom,
	author = {H. M. S. Coxeter},
	title = {Introduction to Geometry},
	publisher = {Wiley},
	address = {New York},
	year = 1969
}

@book{Alberts,
	author = {Bruce Alberts and Dennis Bray and Julian Lewis and Martin Raff and Keith Roberts and James D. Watson},
	title = {Molecular Biology of the Cell},
	edition = Fifth,
	publisher = {Garland Science},
	address = {New York \& Oxford},
	year = 2008
}

@article{Watson,
	author = {Francis H. C. Crick and James D. Watson},
	journal = Nature,
	year = 1956,
	volume = 177,
	pages = 473
}

@article{Klug,
	author = {A. Klug and D. L. D. Caspar},
	journal = {Advances in Virus Res.},
	year = 1961,
	volume = 7,
	pages = 225
}

@article{Sackmann,
	author = {E. Sackmann},
	journal = {Canadian Journal of Physics},
	year = 1990,
	volume = 68,
	pages = 999
}

@article{Subramanian,
	author = {G. Subramanian and V. N. Manoharan and J. D. Thorne and D. J. Pine},
	journal = {Advanced Materials},
	year = 1999,
	volume = 11,
	pages = 1261
}

@article{speedy,
	author = {R. J. Speedy},
	title = {The hard sphere glass transition},
	journal = {Mol. Phys.},
	year = 1998,
	volume = 95,
	issue = 2,
	pages = 169
}

@article{disorder1,
	author = {William L. Miller and Behnaz Bozorgui and Angelo Cacciuto},
	title = {Crystallization of Hard Aspherical Particles},
	journal = {J. Chem. Phys.},
	year = 2010,
	volume = 132,
	issue = 12,
	pages = 134901,
}

@article{HScoex,
	author = {W. G. Hoover and F. H. Ree},
	journal = {J. Chem. Phys.},
	volume = 49,
	pages = 3609,
	year = 1968
}

@article{ziherl,
	author = {P. Ziherl and R. D. Kamien},
	journal = {Phys. Rev. Lett.},
	year = 2000,
	volume = 85,
	pages = 3528
}

@article{noya,
	author = {C. Vega and E. Sanz and J. L. F. Abascal and E. G. Noya},
	journal = {J. Phys.: Condens. Matter},
	year = 2008,
	volume = 20,
	pages = 153101
}

@article{Hales,
	author = {T. C. Hales},
	journal = {Annals of Mathematics},
	year = 2005,
	volume = 162,
	pages = 1063
}

@article{rudnick,
	author = {J. Rudnick and G. Gaspari},
	journal = {J. Phys. A: Math. Gen.},
	year = 1986,
	volume = 19,
	pages = {L191}
}

@article{bozorgui,
	author = {Behnaz Bozorgui and Maya Sen and William L. Miller and Josep C. P\'amies and Angelo Cacciuto},
	journal = {J. Chem. Phys.},
	year = 2010,
	volume = 132,
	pages = 014901
}

@article{DeVries,
	author = {DeVries, Gretchen A. and Brunnbauer, Markus and Hu, Ying and Jackson, Alicia M. and Long, Brenda and Neltner, Brian T. and Uzun, Oktay and Wunsch, Benjamin H. and Stellacci, Francesco},
	title = {{Divalent Metal Nanoparticles}},
	journal = {Science},
	volume = {315},
	number = {5810},
	pages = {358-361},
	doi = {10.1126/science.1133162},
	year = {2007}
}

@article{Schnablegger,
	author = {M. Li and H. Schnablegger and S. Mann},
	journal = {Nature},
	volume = 402,
	pages = 393,
	year = 1999
}

@article{Hong,
	author = {L. Hong and S. Jiang and S. Granick},
	journal = {Langmuir},
	volume = 22,
	pages = 9495,
	year = 2006
}

@article{cacciuto22,
	author = {A. Cacciuto and S. Auer and D. Frenkel},
	journal = {Phys. Rev. Lett.},
	volume = 93,
	pages = 166105,
	year = 2004
}


@article{Weller,
	author = {H. Weller},
	journal = {Phil. Trans. R. Soc. A},
	volume = 361,
	pages = 229,
	year = 2003
}

@article{Hobbie,
	author = {E. K. Hobbie and others},
	journal = {Langmuir},
	volume = 21,
	pages = 10284,
	year = 2005
}

@article{Israelachvili,
	author = {J. N. Israelachvili and D. J. Mitchell and B. W. Ninham},
	journal = {J. Chem. Soc., Faraday Trans. 2},
	volume = 72,
	pages = 1525,
	year = 1976
}

@article{Zhang,
	author = {T. Hu and R. Zhang and B. I. Schovskii},
	journal = {Physica A},
	volume = 387,
	pages = 3059,
	year = 2008
}

@article{Leckband,
	author = {D. Leckband and J. Israelachvili},
	journal = {Quart. Rev. Biophys.},
	volume = 34,
	pages = 105,
	year = 2001
}

@article{Nagarajan,
	author = {R. Nagarajan and E. Ruckenstein},
	journal = {Langmuir},
	volume = 7,
	pages = 2934,
	year = 1991
}

@article{Hong2,
	author = {L. Hong and A. Cacciuto and E. Luitjen and S. Granick},
	journal = {Langmuir},
	volume = 24,
	pages = 621,
	year = 2008
}

@article{auer,
	author = {S. Auer and D. Frenkel},
	journal = {Annu. Rev. Phys. Chem.},
	volume = 55,
	pages = 333,
	year = 2004
}

@article{glotzer,
	author = {E. Jankowski and S. C. Glotzer},
	journal = {J. Chem. Phys.},
	volume = 131,
	pages = 104104,
	year = 2009
}

@article{glotzer2,
	author = {S. C. Glotzer and M. J. Solomon},
	journal = {Nature Materials},
	volume = 6,
	pages = 557,
	year = 2007
}

@article{glotzer3,
	author = {C. A. Iacovella and M. A. Horsch and S. C. Glotzer},
	journal = {J. Chem. Phys.},
	volume = 129,
	pages = 044902,
	year = 2008
}

@article{geissler,
	author = {S. Whitelam and P. L. Geissler},
	journal = {J. Chem. Phys.},
	volume = 127,
	pages = 154101,
	year = 2007
}

@article{chandler,
	author = {M. F. Hagan and D. Chandler},
	journal = {Biophys. J.},
	volume = 91,
	pages = 42,
	year = 2006
}

@article{whitelam,
	author = {S. Whitelam},
	journal = {J. Chem. Phys.},
	volume = 132,
	pages = 194901,
	year = 2010
}

@article{cacciuto,
	author = {W. L. Miller and A. Cacciuto},
	journal = {Phys. Rev. E},
	volume = 80,
	pages = 021404,
	year = 2009
}

@article{Kern,
	author = {Norbert Kern and Daan Frenkel},
	journal = {J. Chem. Phys.},
	volume = 118,
	pages = 9882,
	year = 2003
}

@article{torquato,
	author = {S. Torquato},
	journal = {Soft Matter},
	volume = 5,
	pages = 1157,
	year = 2009
}

@article{glotzer3,
	author = {T. Chen and Z. L. Zhang and S. C. Glotzer},
	journal = {Langmuir},
	volume = 23,
	pages = 6598,
	year = 2007
}

@article{glotzer4,
	author = {X. Zhang and Z. L. Zhang and S. C. Glotzer},
	journal = {J. Phys. Chem. C},
	volume = 111,
	pages = 4132,
	year = 2007
}

@article{glotzer5,
	author = {Z. Zhang and S. C. Glotzer},
	journal = {Nano. Lett.},
	volume = 4,
	pages = 1407,
	year = 2004
}

@article{Liu,
	author = {Hongjun Liu and Sanat K. Kumar and Francesco Sciortino and Glenn T. Evans},
	journal = {J. Chem. Phys.},
	volume = 130,
	pages = 044902,
	year = 2009
}

@article{kumar,
	author = { H. Liu and S. K. Kumar and J. F. Douglas},
	journal = {Phys. Rev. Lett.},
	volume = 103,
	pages = 018101,
	year = 2009
}

@article{esco,
	author = {B. S. John and F. A. Escobedo},
	journal = {J. Phys. Chem. B},
	volume = 109,
	pages = 23008,
	year = 2005
}

@article{behringer,
	author = {H. M. Jaeger and R. P. Behringer},
	journal = {Rev. Mod. Phys.},
	volume = 68,
	pages = 1259,
	year = 1996
}

@book{deGennes,
	author = {P. G. de Gennes},
	title = {Scaling Concepts in Polymer Physics},
	publisher = {Cornell University Press},
	year = 1979,
	address = {Ithaca, NY}
}

@article{nelson,
	author = {J. Nelson},
	journal = {Science},
	volume = 293,
	pages = 1059,
	year = 2001
}

@article{rosenberger,
	author = {F. Rosenberger},
	journal = {J. Crystal Growth},
	volume = 166,
	pages = 40,
	year = 1996
}

@article{frenkel1,
	author = {S. Auer and D. Frenkel},
	journal = {Nature},
	volume = 409,
	pages = 1020,
	year = 2001
}

@article{frenkel2,
	author = {S. Auer and D. Frenkel},
	journal = {Nature},
	volume = 413,
	pages = 711,
	year = 2001
}

@article{zaccarelli,
	author = {E. Zaccarelli  and others },
	journal = {Phys. Rev. Lett.},
	volume = 103,
	pages = 135704,
	year = 2009
}

@article{weitz,
	author = {J. W. Kim and R. J. Larsen and D. A. Weitz},
	journal = {Adv. Mater.},
	volume = 19,
	pages = 2005,
	year = 2009
}

@article{pamies,
	author = {J. C. P\'amies and A. Cacciuto and D. Frenkel},
	journal = {J. Chem. Phys.},
	volume = 131,
	pages = 044514,
	year = 2009
}

@article{capone,
	author = {Barbara Capone  and others},
	journal = {J. Phys. Chem. B},
	volume = 113,
	pages = 3629,
	year = 2008
}
@article{glaser2,
	author = {M.A. Glaser and G.M. Grason and R.D. Kamien and A. Kovsmrlj and C.D. Santangelo and P. Ziherl},
	journal={Europhysics Lett.},
	volume=78,
	pages=46004,
	year=2007
}
	
@article{sphericity,
	author = {M. C. Powers},
	journal = {J. Sediment Petrol.},
	volume = 23,
	pages = 117,
	year = 1953
}
 
@article{ronchetti,
	author = {P. L. Steinhardt and D. R. Nelson and M. Ronchetti},
	journal = {Phys. Rev. B},
	volume = 28,
	pages = 784,
	year = 2983
}

@article{tenwolde,
	author = {P. R. ten Wolde and D. Frenkel},
	journal = {Science},
	volume = 277,
	pages = 1975,
	year = 1997
}

@article{tenwolde2,
	author = {P. R. ten Wolde and M. J. Ruiz-Montero and D. Frenkel},
	journal = {J. Chem. Phys.},
	volume = 104,
	pages = 9932,
	year = 1996
}


@article{ostwald,
	author = {W. Z. Ostwald},
	journal = {Phys. Chem.},
	volume = 22,
	pages = 289,
	year = 1879
}

@article{richter,
	author = {C. N. Likos  and others},
	journal = {Phys. Rev. Lett.},
	volume = 80,
	pages = 4450,
	year = 1998
}

@article{schweitzer,
	author = {M. Tripathy and K. S. Schweitzer},
	journal = {J. Chem. Phys},
	volume = 130,
	pages = 244907,
	year = 2009
}
@article{dijkstra,
	author = {M. Marechal and M. Dijkstra },
	journal = {Phys. Rev. E},
	volume = 77,
	pages = 061405,
	year = 2008
}

@article{pine,
	author = { Y. Cho  and others},
	journal = {Chem. Mater},
	volume = 17,
	pages = 5006,
	year = 2005
}
@article{mitragotri,
	author = { J. A. Champion and others},
	journal = {Proc. Natl. Acad. Sci.},
	volume = 104,
	pages = 11901,
	year = 2007
}

@article{Yue,
	author = {K. Yue and K. A. Dill},
	journal = {Proc. Natl. Acad. Sci.},
	volume = 89,
	issue = 9,
	pages = 4163,
	year = 1992
}
@article{ louis ,
author = {A. A. Louis and P. G. Bolhuis and J. P. Hansen and E. J. Meijer},
journal = {Phys. Rev. Lett. },
volume =85,
pages=2522,
year=2000
}


@article{likos0,
author = { O. G\"otze and H. M. Harreis and C. N. Likos},
journal = {J. Chem. Phys. },
volume =120,
pages=7761,
year=2004
}

@article{likosA,
author = {C. N.Likos and H. L\"owen Watzlawek and B. Abbas and O. Jucknischke and J. Allgaier and D. Richter},
journal = { Phys. Rev. Lett.},
volume = 80,
pages= 4450,
year= 1998
}


@article{likosB,
author = { A. Jusufi and C. N. Likos and H. L\"owen  },
journal = { Phys. Rev. Lett.},
volume = 88,
pages= 018301 ,
year= 2002
}
@article{denton,
author = { A. R. Denton },
journal = { Phys. Rev. E},
volume = 67,
pages= 11804,
year= 2003
}

@article{ gottawald,
author = { D. Gottwald and C. N. Likos and  G.  Kahl and H. L\"owen},
journal = { Phys. Rev. Lett.},
volume = 92,
pages= 68301,
year= 2004
}

@article{suto,
author = {A. Suto  },
journal = {Phys. Rev. B},
volume = 74 ,
pages= 104117 ,
year=2006
}
@article{LikosNat,
author = { C. N. Likos},
journal = { Nature},
volume =440  ,
pages=  433,
year=2006
}

@article{ saric2 ,
author = { A. Saric and B. Bozorgui and Angelo },
journal = {J. Phys. Chem. B },
volume = 8 ,
pages=  1,
year=2011
}


@article{pephertz,
author = {J. Pamies and A. Cacciuto and D. Frenkel },
journal = { J. Chem. Phys.},
volume = 131 ,
pages= 044514 ,
year=2009
}

@article{LikosRev  ,
author = { C. N. Likos },
journal = {Soft Matter },
volume = 2 ,
pages= 478 ,
year=2006
}






@article{pierleoni,
author = {C. Pierleoni and C. Addison and J. P. Hansen and V.  Krakoviack},
journal = {Phys. Rev. Lett. },
volume =  96,
pages= 128302,
year=  2006
}

@article{ mladek2,
author = {B. M. Mladek and D. Gottwald and G. Kahl and M. Neumann and C. N. Likos},
journal = {Phys. Rev. Lett. },
volume =96,
pages= 045701,
year= 2006
}
@article{ mladek3 ,
author = { K. Zhang and  P. Charbonneau and B. Mladek },
journal = {Phys. Rev. Lett.},
volume = 105 ,
pages= 245701 ,
year=2010
}

@article{Malescio,
author = { G. Malescio and  G. Pellicane },
journal = { Nature Materials},
volume = 2 ,
pages=  97,
year= 2003
}


@article{glaser,
author = {M. Glaser},
journal = {Private communication, unpublished },
year =2011
}


@article{Stell,
author = { G. Stell and  P. C. Hemmer},
journal = {J. Chem. Phys. },
volume = 56 ,
pages= 4274 ,
year= 1970
}

@article{Deutsch,
	author = {J. M. Deutsch and Tanya Kurosky},
	journal = {Phys. Rev. Lett.},
	volume = 76,
	pages = 323,
	year = 1996
}

@article{sciortino1,
	author = {E. Zaccarelli and F. Sciortino and P. Tartaglia},
	journal = {J. Chem. Phys.},
	volume = 127,
	pages = 174501,
	year = 2007
}

@article{sciortino2,
	author = {C. Mayer and F. Sciortino and P. Tartaglia and E. Zaccarelli},
	journal = {J. Phys.: Condens. Matter},
	volume = 22,
	pages = 104110,
	year = 2010
}

@article{mladek,
	author = {B. M. Mladek and HG. Kahl and C. N. Likos},
	journal = {Phys. Rev. Lett.},
	volume = 100,
	pages = 028301,
	year = 2008
}

@article{likos,
	author = {C. N. Likos and N. Hoffmann and H. L\"owen},
	journal = {Phys. Rev. E},
	volume = 63,
	pages = 031206,
	year = 2001
}

@article{jagla,
	author = {E. A. Jagla},
	journal = {Phys. Rev. R},
	volume = 58,
	pages = 1478,
	year = 1998
}

%%%%%%%%%%--Below from Perez-Garrido--%%%%%%%%%%

@Article{altschuler,
  title = {Method of constrained global optimization},
  author = {Altschuler, Eric Lewin and Williams, Timothy J. and Ratner, Edward R. and Dowla, Farid  and Wooten, Frederick },
  journal = {Phys. Rev. Lett.},
  volume = {72},
  number = {17},
  pages = {2671},
  numpages = {3},
  year = {1994},
  month = {Apr},
  doi = {10.1103/PhysRevLett.72.2671},
  publisher = {American Physical Society}
}

@Article{erber,
  title = {Comment on ``Method of Constrained Global Optimization''},
  author = {Erber, T.  and Hockney, G. M.},
  journal = {Phys. Rev. Lett.},
  volume = {74},
  number = {8},
  pages = {1482},
  numpages = {1},
  year = {1995},
  month = {Feb},
  doi = {10.1103/PhysRevLett.74.1482},
  publisher = {American Physical Society}
}

@article{perez-garrido,
  author={A P\`erez-Garrido and M Ortu\~no and E Cuevas and J Ruiz},
  title={Many-particle jumps algorithm and Thomson's problem},
  journal={Journal of Physics A: Mathematical and General},
  volume={29},
  number={9},
  pages={1973},
  year={1996},
}

@Article{morris,
  title = {Genetic-algorithm energy minimization for point charges on a sphere},
  author = {Morris, J. R. and Deaven, D. M. and Ho, K. M.},
  journal = {Phys. Rev. B},
  volume = {53},
  number = {4},
  pages = {R1740},
  numpages = {3},
  year = {1996},
  month = {Jan},
  doi = {10.1103/PhysRevB.53.R1740},
  publisher = {American Physical Society}
}

@inbook{erber2,
	title = {Complex Systems: Equilibrium Configurations of N Equal Charges on a Sphere (2 $\leq$ N $\leq$ 112)},
	author = {Erber, T. and Hockney, G. M.},
	publisher = {John Wiley \& Sons, Inc.},
	doi = {10.1002/9780470141571.ch5},
	pages = {495--594},
	keywords = {surface coulomb problem, dipole moments, coulomb polyhedra, computer algorithms, complex gradient systems},
	booktitle = {Advances in Chemical Physics},
	year = {2007},
}

@article{edmundson,
	author = "Edmundson, J. R.",
	title = "{The arrangement of point charges with tetrahedral and octahedral symmetry on the surface of a sphere with minimum Coulombic potential energy}",
	journal = "Acta Crystallographica Section A",
	year = "1993",
	volume = "49",
	number = "4",
	pages = "648",
	month = "Jul",
	doi = {10.1107/S0108767393001035},
}

@Article{altschuler2,
  title = {Possible Global Minimum Lattice Configurations for Thomson's Problem of Charges on a Sphere},
  author = {Altschuler, Eric Lewin and Williams, Timothy J. and Ratner, Edward R. and Tipton, Robert  and Stong, Richard  and Dowla, Farid  and Wooten, Frederick },
  journal = {Phys. Rev. Lett.},
  volume = {78},
  number = {14},
  pages = {2681},
  numpages = {4},
  year = {1997},
  month = {Apr},
  doi = {10.1103/PhysRevLett.78.2681},
  publisher = {American Physical Society}
}

@Article{dodgson,
  title = {Vortices in a thin-film superconductor with a spherical geometry },
  author = {Dodgson, M. J. W.  and Moore, M. A. },
  journal = {Phys. Rev. B},
  volume = {55},
  number = {6},
  pages = {3816},
  numpages = {15},
  year = {1997},
  month = {Feb},
  doi = {10.1103/PhysRevB.55.3816},
  publisher = {American Physical Society}
}



@Article{perez-garrido2,
  title = {Comment on ``Possible Global Minimum Lattice Configurations for Thomson's Problem of Charges on a Sphere''},
  author = {P\'erez-Garrido, A.  and Dodgson, M. J. W. and Moore, M. A. and Ortu\~no, M.  and D\'\i{}az-S\'anchez, A. },
  journal = {Phys. Rev. Lett.},
  volume = {79},
  number = {7},
  pages = {1417},
  numpages = {1},
  year = {1997},
  month = {Aug},
  doi = {10.1103/PhysRevLett.79.1417},
  publisher = {American Physical Society}
}
@article{ Bowick,
author = {M. J. Bowick and D. R. Nelson and A. Travesset},
journal = { Phys. Rev. B},
volume = 62 ,
pages=8738  ,
year=2000
}


@article{bausch,
author = {A. R. Bausch and M. J. Bowick and  A. Cacciuto and  A. D. Dinsmore and  
F. Hsu and  D. R. Nelson and  M. G. Nikolaides and  A. Travesset and D. A. Weitz},
journal = { Science},
volume =  299,
pages= 1716 ,
year= 2003
}


@article{ Bowick2,
author = {M. J. Bowick and A. Cacciuto and D. R. Nelson and A. Travesset  },
journal = { Phys. Rev. B},
volume =73  ,
pages= 024115 ,
year=2006
}

@article{ Bowick3,
author = {M. J. Bowick and A. Cacciuto and D. R. Nelson and A. Travesset  },
journal = { Phys. Rev. Lett.},
volume =89  ,
pages= 185502 ,
year=2002
}








@Article{perez-garrido3,
  title = {Influence of dislocations in Thomson's problem},
  author = {P\'erez-Garrido, A.  and Dodgson, M. J. W. and Moore, M. A.},
  journal = {Phys. Rev. B},
  volume = {56},
  number = {7},
  pages = {3640--3643},
  numpages = {3},
  year = {1997},
  month = {Aug},
  doi = {10.1103/PhysRevB.56.3640},
  publisher = {American Physical Society}
}

%%%%%%%%%%--Above from Perez-Garrido--%%%%%%%%%%

@article{thomson,
	author = {J. J. Thomson},
	journal = {Philos. Mag.},
	volume = 7,
	pages = 237,
	year = 1904
}

@article{xu,
	author = {C. Zhao and K. Tian and N. Xu},
	journal = {Phys. Rev. Lett.},
	volume = 106,
	pages = 125503,
	year = 2011
}
