@article{Hales,
	author = {T. C. Hales},
	journal = {Annals of Mathematics},
	year = 2005,
	volume = 162,
	pages = 1063
}

@article{rudnick,
	author = {J. Rudnick and G. Gaspari},
	journal = {J. Phys. A: Math. Gen.},
	year = 1986,
	volume = 19,
	pages = {L191}
}

@article{bozorgui,
	author = {Behnaz Bozorgui and Maya Sen and William L. Miller and Josep C. P\'amies and Angelo Cacciuto},
	journal = {J. Chem. Phys.},
	year = 2010,
	volume = 132,
	pages = 014901
}

@article{DeVries,
	author = {G. A. DeVries and Markus Brunnbauer and Ying Hu and Alicia M. Jackson and Brenda Long and Brian T. Neltner and Oktay Uzun and Benjamin H. Wunsch and Francesco Sellacci},
	journal = {Science},
	volume = 315,
	pages = 358,
	year = 2007
}

@article{Schnablegger,
	author = {M. Li and H. Schnablegger and S. Mann},
	journal = {Nature},
	volume = 402,
	pages = 393,
	year = 1999
}

@article{Hong,
	author = {L. Hong and S. Jiang and S. Granick},
	journal = {Langmuir},
	volume = 22,
	pages = 9495,
	year = 2006
}

@article{Weller,
	author = {H. Weller},
	journal = {Phil. Trans. R. Soc. A},
	volume = 361,
	pages = 229,
	year = 2003
}

@article{Hobbie,
	author = {E. K. Hobbie and B. J. Bauer and J. Stephens and M. L. Becker and P. McGuiggan and S. D. Hudson and H. Wang},
	journal = {Langmuir},
	volume = 21,
	pages = 10284,
	year = 2005
}

@article{glotzer,
	author = {S. C. Glotzer and M. J. Solomon},
	journal = {Nature Materials},
	volume = 6,
	pages = 557,
	year = 2007
}

@article{glotzer2,
	author = {C. A. Iacovella and M. A. Horsch and S. C. Glotzer},
	journal = {J. Chem. Phys.},
	volume = 129,
	pages = 044902,
	year = 2008
}

@article{geissler,
	author = {S. Whitelam and P. L. Geissler},
	journal = {J. Chem. Phys.},
	volume = 127,
	pages = 154101,
	year = 2007
}

@article{chandler,
	author = {M. F. Hagan and D. Chandler},
	journal = {Biophys. J.},
	volume = 91,
	pages = 42,
	year = 2006
}

@article{cacciuto,
	author = {W. L. Miller and A. Cacciuto},
	journal = {Phys. Rev. E},
	volume = 80,
	pages = 021404,
	year = 2009
}

@article{torquato,
	author = {S. Torquato},
	journal = {Soft Matter},
	volume = 5,
	pages = 1157,
	year = 2009
}

@article{frenkel,
	author = {P. Bolhuis and D. Frenkel},
	journal = {J. Chem. Phys.},
	volume = 106,
	pages = 666,
	year = 1997
}

@article{glotzer3,
	author = {T. Chen and Z. L. Zhang and S. C. Glotzer},
	journal = {Langmuir},
	volume = 23,
	pages = 6598,
	year = 2007
}

@article{glotzer4,
	author = {X. Zhang and Z. L. Zhang and S. C. Glotzer},
	journal = {J. Phys. Chem. C},
	volume = 111,
	pages = 4132,
	year = 2007
}

@article{esco,
	author = {B. S. John and F. A. Escobedo},
	journal = {J. Phys. Chem. B},
	volume = 109,
	pages = 23008,
	year = 2005
}

@article{behringer,
	author = {H. M. Jaeger and R. P. Behringer},
	journal = {Rev. Mod. Phys.},
	volume = 68,
	pages = 1259,
	year = 1996
}

@book{deGennes,
	author = {P. G. de Gennes},
	title = {Scaling Concepts in Polymer Physics},
	publisher = {Cornell University Press},
	year = 1979,
	address = {Ithaca, NY}
}

@article{nelson,
	author = {J. Nelson},
	journal = {Science},
	volume = 293,
	pages = 1059,
	year = 2001
}

@article{rosenberger,
	author = {F. Rosenberger},
	journal = {J. Crystal Growth},
	volume = 166,
	pages = 40,
	year = 1996
}

@article{frenkel1,
	author = {S. Auer and D. Frenkel},
	journal = {Nature},
	volume = 409,
	pages = 1020,
	year = 2001
}

@article{frenkel2,
	author = {S. Auer and D. Frenkel},
	journal = {Nature},
	volume = 413,
	pages = 711,
	year = 2001
}

@article{zaccarelli,
	author = {E. Zaccarelli and C. Valeriani and E. Sanza and W. C. K. Poon and M. E. Cates and P. N. Pusey},
	journal = {Phys. Rev. Lett.},
	volume = 103,
	pages = 135704,
	year = 2009
}

@article{weitz,
	author = {J. W. Kim and R. J. Larsen and D. A. Weitz},
	journal = {Adv. Mater.},
	volume = 19,
	pages = 2005,
	year = 2009
}

@article{pamies,
	author = {J. C. P\'amies and A. Cacciuto and D. Frenkel},
	journal = {J. Chem. Phys.},
	volume = 131,
	pages = 044514,
	year = 2009
}

@article{capone,
	author = {Barbara Capone and Carlo Pierleoni and Jean-Pierre Hansen and Vincent Krakoviack},
	journal = {J. Phys. Chem. B},
	volume = 113,
	pages = 3629,
	year = 2008
}

@article{sphericity,
	author = {M. C. Powers},
	journal = {J. Sediment Petrol.},
	volume = 23,
	pages = 117,
	year = 1953
}

@article{q61,
	author = {P. L. Steinhardt and D. R. Nelson and M. Ronchetti},
	journal = {Phys. Rev. B},
	volume = 28,
	pages = 784,
	year = 2983
}

@article{q62,
	author = {P. R. ten Wolde and D. Frenkel},
	journal = {Science},
	volume = 277,
	pages = 1975,
	year = 1997
}

@article{richter,
	author = {C. N. Likos and H. L\"owen and M. Watzlawek and B. Abbas and O Jucknischke and J. Allgaier and D. Richter},
	journal = {Phys. Rev. Lett.},
	volume = 80,
	pages = 4450,
	year = 1998
}

@article{schweitzer,
	author = {M. Tripathy and K. S. Schweitzer},
	journal = {J. Chem. Phys},
	volume = 130,
	pages = 244907,
	year = 2009
}
