@book{geom,
	author = {H. M. S. Coxeter},
	title = {Introduction to Geometry},
	publisher = {Wiley},
	address = {New York},
	year = 1969
}

@book{Alberts,
	author = {Bruce Alberts and Dennis Bray and Julian Lewis and Martin Raff and Keith Roberts and James D. Watson},
	title = {Molecular Biology of the Cell},
	edition = Fifth,
	publisher = {Garland Science},
	address = {New York \& Oxford},
	year = 2008
}

@article{Watson,
	author = {Francis H. C. Crick and James D. Watson},
	journal = Nature,
	year = 1956,
	volume = 177,
	pages = 473
}

@article{Klug,
	author = {A. Klug and D. L. D. Caspar},
	journal = {Advances in Virus Res.},
	year = 1961,
	volume = 7,
	pages = 225
}

@article{Sackmann,
	author = {E. Sackmann},
	journal = {Canadian Journal of Physics},
	year = 1990,
	volume = 68,
	pages = 999
}

@article{Subramanian,
	author = {G. Subramanian and V. N. Manoharan and J. D. Thorne and D. J. Pine},
	journal = {Advanced Materials},
	year = 1999,
	volume = 11,
	pages = 1261
}

@article{speedy,
	author = {R. J. Speedy},
	title = {The hard sphere glass transition},
	journal = {Mol. Phys.},
	year = 1998,
	volume = 95,
	issue = 2,
	pages = 169
}

@article{disorder1,
	author = {William L. Miller and Behnaz Bozorgui and Angelo Cacciuto},
	title = {Crystallization of Hard Aspherical Particles},
	journal = {J. Chem. Phys.},
	year = 2010,
	volume = 132,
	issue = 12,
	pages = 134901,
}

@article{HScoex,
	author = {W. G. Hoover and F. H. Ree},
	journal = {J. Chem. Phys.},
	volume = 49,
	pages = 3609,
	year = 1968
}

@article{ziherl,
	author = {P. Ziherl and R. D. Kamien},
	journal = {Phys. Rev. Lett.},
	year = 2000,
	volume = 85,
	pages = 3528
}

@article{noya,
	author = {C. Vega and E. Sanz and J. L. F. Abascal and E. G. Noya},
	journal = {J. Phys.: Condens. Matter},
	year = 2008,
	volume = 20,
	pages = 153101
}

@article{Hales,
	author = {T. C. Hales},
	journal = {Annals of Mathematics},
	year = 2005,
	volume = 162,
	pages = 1063
}

@article{rudnick,
	author = {J. Rudnick and G. Gaspari},
	journal = {J. Phys. A: Math. Gen.},
	year = 1986,
	volume = 19,
	pages = {L191}
}

@article{bozorgui,
	author = {Behnaz Bozorgui and Maya Sen and William L. Miller and Josep C. P\'amies and Angelo Cacciuto},
	journal = {J. Chem. Phys.},
	year = 2010,
	volume = 132,
	pages = 014901
}

@article{DeVries,
	author = {DeVries, Gretchen A. and Brunnbauer, Markus and Hu, Ying and Jackson, Alicia M. and Long, Brenda and Neltner, Brian T. and Uzun, Oktay and Wunsch, Benjamin H. and Stellacci, Francesco},
	title = {{Divalent Metal Nanoparticles}},
	journal = {Science},
	volume = {315},
	number = {5810},
	pages = {358-361},
	doi = {10.1126/science.1133162},
	year = {2007}
}

@article{Schnablegger,
	author = {M. Li and H. Schnablegger and S. Mann},
	journal = {Nature},
	volume = 402,
	pages = 393,
	year = 1999
}

@article{Hong,
	author = {L. Hong and S. Jiang and S. Granick},
	journal = {Langmuir},
	volume = 22,
	pages = 9495,
	year = 2006
}

@article{cacciuto22,
	author = {A. Cacciuto and S. Auer and D. Frenkel},
	journal = {Phys. Rev. Lett.},
	volume = 93,
	pages = 166105,
	year = 2004
}


@article{Weller,
	author = {H. Weller},
	journal = {Phil. Trans. R. Soc. A},
	volume = 361,
	pages = 229,
	year = 2003
}

@article{Hobbie,
	author = {E. K. Hobbie and others},
	journal = {Langmuir},
	volume = 21,
	pages = 10284,
	year = 2005
}

@article{Israelachvili,
	author = {J. N. Israelachvili and D. J. Mitchell and B. W. Ninham},
	journal = {J. Chem. Soc., Faraday Trans. 2},
	volume = 72,
	pages = 1525,
	year = 1976
}

@article{Zhang,
	author = {T. Hu and R. Zhang and B. I. Schovskii},
	journal = {Physica A},
	volume = 387,
	pages = 3059,
	year = 2008
}

@article{Leckband,
	author = {D. Leckband and J. Israelachvili},
	journal = {Quart. Rev. Biophys.},
	volume = 34,
	pages = 105,
	year = 2001
}

@article{Nagarajan,
	author = {R. Nagarajan and E. Ruckenstein},
	journal = {Langmuir},
	volume = 7,
	pages = 2934,
	year = 1991
}

@article{Hong2,
	author = {L. Hong and A. Cacciuto and E. Luitjen and S. Granick},
	journal = {Langmuir},
	volume = 24,
	pages = 621,
	year = 2008
}

@article{auer,
	author = {S. Auer and D. Frenkel},
	journal = {Annu. Rev. Phys. Chem.},
	volume = 55,
	pages = 333,
	year = 2004
}

@article{glotzer,
	author = {E. Jankowski and S. C. Glotzer},
	journal = {J. Chem. Phys.},
	volume = 131,
	pages = 104104,
	year = 2009
}

@article{glotzer2,
	author = {S. C. Glotzer and M. J. Solomon},
	journal = {Nature Materials},
	volume = 6,
	pages = 557,
	year = 2007
}

@article{glotzer3,
	author = {C. A. Iacovella and M. A. Horsch and S. C. Glotzer},
	journal = {J. Chem. Phys.},
	volume = 129,
	pages = 044902,
	year = 2008
}

@article{geissler,
	author = {S. Whitelam and P. L. Geissler},
	journal = {J. Chem. Phys.},
	volume = 127,
	pages = 154101,
	year = 2007
}

@article{chandler,
	author = {M. F. Hagan and D. Chandler},
	journal = {Biophys. J.},
	volume = 91,
	pages = 42,
	year = 2006
}

@article{whitelam,
	author = {S. Whitelam},
	journal = {J. Chem. Phys.},
	volume = 132,
	pages = 194901,
	year = 2010
}

@article{cacciuto,
	author = {W. L. Miller and A. Cacciuto},
	journal = {Phys. Rev. E},
	volume = 80,
	pages = 021404,
	year = 2009
}

@article{Kern,
	author = {Norbert Kern and Daan Frenkel},
	journal = {J. Chem. Phys.},
	volume = 118,
	pages = 9882,
	year = 2003
}

@article{torquato,
	author = {S. Torquato},
	journal = {Soft Matter},
	volume = 5,
	pages = 1157,
	year = 2009
}

@article{glotzer3,
	author = {T. Chen and Z. L. Zhang and S. C. Glotzer},
	journal = {Langmuir},
	volume = 23,
	pages = 6598,
	year = 2007
}

@article{glotzer4,
	author = {X. Zhang and Z. L. Zhang and S. C. Glotzer},
	journal = {J. Phys. Chem. C},
	volume = 111,
	pages = 4132,
	year = 2007
}

@article{glotzer5,
	author = {Z. Zhang and S. C. Glotzer},
	journal = {Nano. Lett.},
	volume = 4,
	pages = 1407,
	year = 2004
}

@article{Liu,
	author = {Hongjun Liu and Sanat K. Kumar and Francesco Sciortino and Glenn T. Evans},
	journal = {J. Chem. Phys.},
	volume = 130,
	pages = 044902,
	year = 2009
}

@article{kumar,
	author = { H. Liu and S. K. Kumar and J. F. Douglas},
	journal = {Phys. Rev. Lett.},
	volume = 103,
	pages = 018101,
	year = 2009
}

@article{esco,
	author = {B. S. John and F. A. Escobedo},
	journal = {J. Phys. Chem. B},
	volume = 109,
	pages = 23008,
	year = 2005
}

@article{behringer,
	author = {H. M. Jaeger and R. P. Behringer},
	journal = {Rev. Mod. Phys.},
	volume = 68,
	pages = 1259,
	year = 1996
}

@book{deGennes,
	author = {P. G. de Gennes},
	title = {Scaling Concepts in Polymer Physics},
	publisher = {Cornell University Press},
	year = 1979,
	address = {Ithaca, NY}
}

@article{nelson,
	author = {J. Nelson},
	journal = {Science},
	volume = 293,
	pages = 1059,
	year = 2001
}

@article{rosenberger,
	author = {F. Rosenberger},
	journal = {J. Crystal Growth},
	volume = 166,
	pages = 40,
	year = 1996
}

@article{frenkel1,
	author = {S. Auer and D. Frenkel},
	journal = {Nature},
	volume = 409,
	pages = 1020,
	year = 2001
}

@article{frenkel2,
	author = {S. Auer and D. Frenkel},
	journal = {Nature},
	volume = 413,
	pages = 711,
	year = 2001
}

@article{zaccarelli,
	author = {E. Zaccarelli  and others },
	journal = {Phys. Rev. Lett.},
	volume = 103,
	pages = 135704,
	year = 2009
}

@article{weitz,
	author = {J. W. Kim and R. J. Larsen and D. A. Weitz},
	journal = {Adv. Mater.},
	volume = 19,
	pages = 2005,
	year = 2009
}

@article{pamies,
	author = {J. C. P\'amies and A. Cacciuto and D. Frenkel},
	journal = {J. Chem. Phys.},
	volume = 131,
	pages = 044514,
	year = 2009
}

@article{capone,
	author = {Barbara Capone  and others},
	journal = {J. Phys. Chem. B},
	volume = 113,
	pages = 3629,
	year = 2008
}

@article{sphericity,
	author = {M. C. Powers},
	journal = {J. Sediment Petrol.},
	volume = 23,
	pages = 117,
	year = 1953
}
 
@article{ronchetti,
	author = {P. L. Steinhardt and D. R. Nelson and M. Ronchetti},
	journal = {Phys. Rev. B},
	volume = 28,
	pages = 784,
	year = 2983
}

@article{tenwolde,
	author = {P. R. ten Wolde and D. Frenkel},
	journal = {Science},
	volume = 277,
	pages = 1975,
	year = 1997
}

@article{tenwolde2,
	author = {P. R. ten Wolde and M. J. Ruiz-Montero and D. Frenkel},
	journal = {J. Chem. Phys.},
	volume = 104,
	pages = 9932,
	year = 1996
}


@article{ostwald,
	author = {W. Z. Ostwald},
	journal = {Phys. Chem.},
	volume = 22,
	pages = 289,
	year = 1879
}

@article{richter,
	author = {C. N. Likos  and others},
	journal = {Phys. Rev. Lett.},
	volume = 80,
	pages = 4450,
	year = 1998
}

@article{schweitzer,
	author = {M. Tripathy and K. S. Schweitzer},
	journal = {J. Chem. Phys},
	volume = 130,
	pages = 244907,
	year = 2009
}
@article{dijkstra,
	author = {M. Marechal and M. Dijkstra },
	journal = {Phys. Rev. E},
	volume = 77,
	pages = 061405,
	year = 2008
}

@article{pine,
	author = { Y. Cho  and others},
	journal = {Chem. Mater},
	volume = 17,
	pages = 5006,
	year = 2005
}
@article{mitragotri,
	author = { J. A. Champion and others},
	journal = {Proc. Natl. Acad. Sci.},
	volume = 104,
	pages = 11901,
	year = 2007
}

@article{Yue,
	author = {K. Yue and K. A. Dill},
	journal = {Proc. Natl. Acad. Sci.},
	volume = 89,
	issue = 9,
	pages = 4163,
	year = 1992
}

@article{Deutsch,
	author = {J. M. Deutsch and Tanya Kurosky},
	journal = {Phys. Rev. Lett.},
	volume = 76,
	pages = 323,
	year = 1996
}

@article{sciortino1,
	author = {E. Zaccarelli and F. Sciortino and P. Tartaglia},
	journal = {J. Chem. Phys.},
	volume = 127,
	pages = 174501,
	year = 2007
}

@article{sciortino2,
	author = {C. Mayer and F. Sciortino and P. Tartaglia and E. Zaccarelli},
	journal = {J. Phys.: Condens. Matter},
	volume = 22,
	pages = 104110,
	year = 2010
}
